@article{watts1998collective,
  title={Collective dynamics of ‘small-world’networks},
  author={Watts, Duncan J and Strogatz, Steven H},
  journal={nature},
  volume={393},
  number={6684},
  pages={440--442},
  year={1998},
  publisher={Nature Publishing Group}
}

@article{holme2002growing,
  title={Growing scale-free networks with tunable clustering},
  author={Holme, Petter and Kim, Beom Jun},
  journal={Physical review E},
  volume={65},
  number={2},
  pages={026107},
  year={2002},
  publisher={APS}
}

@book{easley2010networks,
  title={Networks, crowds, and markets: Reasoning about a highly connected world},
  author={Easley, David and Kleinberg, Jon},
  year={2010},
  publisher={Cambridge University Press}
}

@article{granovetter1985economic,
  title={Economic action and social structure: the problem of embeddedness},
  author={Granovetter, Mark},
  journal={American journal of sociology},
  pages={481--510},
  year={1985},
  publisher={JSTOR}
}